<record><leader>00000cas a22000007a 4500</leader><controlfield tag="001">22213805</controlfield><controlfield tag="008">900813d18461847nyudn ne      0    0eng d</controlfield><datafield ind1=" " ind2=" " tag="010"><subfield code="a">sn 90066485 </subfield></datafield><datafield ind1=" " ind2=" " tag="040"><subfield code="a">NYS</subfield><subfield code="b">eng</subfield><subfield code="c">NYS</subfield><subfield code="d">OCL</subfield><subfield code="d">OCLCQ</subfield><subfield code="d">OCLCF</subfield><subfield code="d">OCLCO</subfield></datafield><datafield ind1="1" ind2=" " tag="029"><subfield code="a">AU@</subfield><subfield code="b">000020123737</subfield></datafield><datafield ind1=" " ind2=" " tag="042"><subfield code="a">msc</subfield></datafield><datafield ind1=" " ind2=" " tag="043"><subfield code="a">n-us-ny</subfield></datafield><datafield ind1="0" ind2="0" tag="245"><subfield code="a">Penn Yan daily telegraph.</subfield></datafield><datafield ind1=" " ind2=" " tag="260"><subfield code="a">Penn Yan, N.Y. :</subfield><subfield code="b">Rodney L. Adams</subfield></datafield><datafield ind1=" " ind2=" " tag="300"><subfield code="a">v. ;</subfield><subfield code="c">33-42 cm.</subfield></datafield><datafield ind1=" " ind2=" " tag="310"><subfield code="a">Daily (except Sunday)</subfield></datafield><datafield ind1="1" ind2=" " tag="362"><subfield code="a">Began in 1846? Ceased in 1847.</subfield></datafield><datafield ind1=" " ind2=" " tag="580"><subfield code="a">Weekly ed.: Yates County Whig.</subfield></datafield><datafield ind1=" " ind2=" " tag="588"><subfield code="a">Description based on: Vol. 1, no. 13 (Jan. 29, 1846).</subfield></datafield><datafield ind1=" " ind2="0" tag="651"><subfield code="a">Penn Yan (N.Y.)</subfield><subfield code="v">Newspapers.</subfield></datafield><datafield ind1=" " ind2="7" tag="655"><subfield code="a">Newspapers.</subfield><subfield code="2">fast</subfield><subfield code="0">(OCoLC)fst01423814</subfield></datafield><datafield ind1=" " ind2="7" tag="651"><subfield code="a">New York (State)</subfield><subfield code="z">Penn Yan.</subfield><subfield code="2">fast</subfield><subfield code="0">(OCoLC)fst01220518</subfield></datafield><datafield ind1=" " ind2=" " tag="752"><subfield code="a">United States</subfield><subfield code="b">New York</subfield><subfield code="c">Yates</subfield><subfield code="d">Penn Yan.</subfield></datafield><datafield ind1="1" ind2=" " tag="775"><subfield code="t">Yates County Whig</subfield><subfield code="w">(DLC)sn 83031797</subfield></datafield><datafield ind1="0" ind2="0" tag="785"><subfield code="t">Penn-Yan telegraph</subfield><subfield code="w">(DLC)sn 90066041</subfield></datafield></record>